@article{meucci2009review,
    author = {Meucci, Attilio},
    title = {{Review of Statistical Arbitrage, Cointegration, and Multivariate Ornstein-Uhlenbeck}},
    doi = {10.2139/ssrn.1404905},
    issn = {1556-5068},
    journal = {SSRN Electronic Journal},
    year = {2009}
}

